<?xml version="1.0" encoding="UTF-8"?><collection xmlns="http://www.loc.gov/MARC21/slim"><record><leader>00378nam--2200121-i-4500</leader><controlfield tag="001">000018877</controlfield><controlfield tag="002">20161230</controlfield><controlfield tag="005">20161230201032</controlfield><controlfield tag="008">060222s1000------------r-----000-0-eng-d</controlfield><datafield ind1=" " ind2=" " tag="100"><subfield code="a">Drees, J., Trinks, H</subfield></datafield><datafield ind1=" " ind2=" " tag="245"><subfield code="a">Runaway - elektronen hoher stromdichte in einer toroidalen entladung</subfield></datafield><datafield ind1=" " ind2=" " tag="260"><subfield code="a">Bonn, Universitat Bonn- Physikalisches Institut, 1966. 38 P + 25 Fig</subfield></datafield><datafield ind1=" " ind2=" " tag="852"><subfield code="a">24371</subfield></datafield></record></collection>